@book{abiteboulSciencesDonneesLogique2012,
  title = {Sciences Des Données: De La Logique Du Premier Ordre à La Toile},
  author = {Abiteboul, Serge},
  date = {2012},
  series = {Leçons Inaugurales Du {{Collège}} de {{France}}},
  number = {226},
  publisher = {{Collège de France}},
  location = {{Paris}},
  url = {https://books.openedition.org/cdf/529},
  urldate = {2023-08-12}
}

@article{amarBienvenueDansGigantesque2011,
  title = {Bienvenue Dans La « Gigantesque Base de Données »},
  author = {Amar, Muriel and Menon, Bruno},
  date = {2011},
  journaltitle = {Documentaliste-Sciences de l'Information},
  volume = {48},
  number = {4},
  pages = {22--23},
  url = {https://www-cairn-info.proxy.chartes.psl.eu/revue-documentaliste-sciences-de-l-information-2011-4-page-22.htm#re5no5},
  urldate = {2023-08-11},
  file = {/home/thomas/Zotero/storage/EDYMECVQ/Amar et Menon - 2011 - Bienvenue dans la « gigantesque base de données ».pdf}
}

@book{arnouldModelisationOntologiquePsychologies2021,
  title = {Modélisation Ontologique \& Psychologies. {{Une}} Influence Réciproque},
  author = {Arnould, Frank and Aimé, Xavier},
  date = {2021},
  series = {Modélisations, Simulations, Systèmes Complexes},
  publisher = {{Éditions Matériologiques}},
  location = {{Paris}},
  url = {https://www-cairn-info.proxy.chartes.psl.eu/modelisation-ontologique-et-psychologies--9782373612608.htm},
  urldate = {2023-08-14}
}

@article{azouzWebDonneesFacteur2020,
  title = {Le Web de Données, Facteur de Rapprochement Entre Les Bibliothèques et Le Monde de l’édition},
  author = {Azouz, Kaouther},
  date = {2020},
  journaltitle = {I2D - Information, données \& documents},
  number = {2},
  pages = {113--117},
  url = {https://www-cairn-info.proxy.chartes.psl.eu/revue-i2d-information-donnees-et-documents-2020-2-page-113.htm},
  urldate = {2023-08-14},
  file = {/home/thomas/Zotero/storage/HIJ5QEMZ/Azouz - 2020 - Le web de données, facteur de rapprochement entre .pdf}
}

@article{bachimontSensWebSemantique2011,
  title = {Les Sens Du Web Sémantique},
  author = {Bachimont, Bruno and Gandon, Fabien and Poupeau, Gautier and Vatant, Bernard and Troncy, Raphaël and Pouyllau, Stéphane and Martinez, Ruth and Battisti, Michèle and Zacklad, Manuel},
  date = {2011},
  journaltitle = {Documentaliste-Sciences de l'Information},
  volume = {48},
  number = {4},
  pages = {24--41},
  url = {https://www.cairn.info/revue-documentaliste-sciences-de-l-information-2011-4-page-24.htm},
  urldate = {2023-08-15},
  file = {/home/thomas/Zotero/storage/AJWKQS4C/Bachimont et al. - 2011 - Les sens du web sémantique.pdf}
}

@misc{bakerRapportFinalGroupe2012,
  title = {Rapport Final Du Groupe d’incubation "{{Bibliothèques}} et Web de Données"},
  author = {Baker, Thomas and Bermès, Emmanuelle and Coyle, Karen and Dunsire, Gordon and Isaac, Antoine and Murray, Peter and Panzer, Michael and Schneider, Jodi and Singer, Ross and Summers, Ed and Waites, William and Young, Jeff and Zeng, Marcia},
  date = {2012},
  url = {http://mediatheque.cite-musique.fr/MediaComposite/ARTICLES/W3C/XGR-lld-fr.html},
  urldate = {2023-08-22},
  organization = {{W3C}},
  file = {/home/thomas/Zotero/storage/VWXPUSF2/Baker et al. - 2012 - Rapport final du groupe d’incubation Bibliothèque.pdf}
}

@misc{banat-bergerQuelRenouvellementFormes2017,
  title = {Quel Renouvellement Des Formes de Collaboration Entre Chercheurs et Institutions Patrimoniales?},
  author = {Banat-Berger, Françoise and Bermès, Emmanuelle and Courtin, Antoine and Minel, Jean-Luc and Mussou, Claude and Poupeau, Gautier},
  date = {2017-10-14},
  url = {https://www.youtube.com/watch?v=WDpXvKTcgaQ&t=5758s},
  urldate = {2023-08-31},
  organization = {{Table Ronde de l'École Nationale des Chartes}}
}

@online{bardiotHappyAPIsDebridons2018,
  title = {Happy {{APIs}} : {{Débridons}} Les {{APIS}} Pour Développer Les Humanités Numériques},
  author = {Bardiot, Clarisse},
  date = {2018-09-07},
  url = {https://dorradh.hypotheses.org/66},
  urldate = {2023-08-17},
  organization = {{DORRA-DH}},
  file = {/home/thomas/Zotero/storage/MZ83AQ9D/Bardiot - 2018 - Happy APIs  Débridons les APIS pour développer le.pdf}
}

@article{benelArchivesNumeriquesConstruction2017,
  title = {Archives Numériques et Construction Du Sens Ou « {{Comment}} Échapper Au {{Web}} Sémantique ? »},
  author = {Bénel, Aurélien},
  date = {2017},
  journaltitle = {La Gazette des archives},
  series = {Meta/Morphoses. {{Les}} Archives Bouillons de Culture Numérique – {{Forum}} Des Archivistes, 30-31 Mars et 1er Avril 2016},
  number = {245},
  pages = {173--187},
  url = {https://www.persee.fr/doc/gazar_0016-5522_2017_num_245_1_5524},
  urldate = {2023-08-23},
  file = {/home/thomas/Zotero/storage/7VWUM6N7/Bénel - 2017 - Archives numériques et construction du sens ou « C.pdf}
}

@book{bermesVersNouveauxCatalogues2016,
  title = {Vers de Nouveaux Catalogues},
  author = {Bermès, Emmanuelle},
  date = {2016},
  publisher = {{Edition du Cercle de la librairie}},
  location = {{Paris}},
  url = {https://www-cairn-info.proxy.chartes.psl.eu/vers-de-nouveaux-catalogues--9782765415138.htm},
  urldate = {2023-08-14}
}

@book{bermesWebSemantiqueBibliotheque2013,
  title = {Le Web Sémantique En Bibliothèque},
  author = {Bermès, Emmanuelle and Poupeau, Gautier and Isaac, Antoine},
  date = {2013},
  publisher = {{Éd. du Cercle de la librairie}},
  location = {{Paris}},
  pagetotal = {171}
}

@misc{berners-leeLinkedData2006,
  title = {Linked {{Data}}},
  author = {Berners-Lee, Tim},
  date = {2006},
  url = {https://www.w3.org/DesignIssues/LinkedData.html},
  urldate = {2023-08-17},
  organization = {{W3C}},
  file = {/home/thomas/Zotero/storage/UJAS9XVM/Berners-Lee - 2006 - Linked Data.pdf}
}

@article{berners-leeSemanticWeb2001,
  title = {The {{Semantic Web}}},
  author = {Berners-Lee, Tim},
  date = {2001-05-17},
  journaltitle = {Scientific American},
  url = {http://web.archive.org/web/20081114135540/http://www.sciam.com/article.cfm?id=the-semantic-web&print=true},
  urldate = {2023-08-10},
  file = {/home/thomas/Zotero/storage/3SKPR42X/Berners-Lee - 2001 - The Semantic Web.pdf}
}

@misc{berners-leeSemanticWebRoad1998,
  title = {Semantic {{Web Road}} Map},
  author = {Berners-Lee, Tim},
  date = {1998},
  url = {https://www.w3.org/DesignIssues/Semantic.html},
  urldate = {2023-08-10},
  organization = {{W3C}}
}

@book{berners-leeWeavingWebOriginal2000,
  title = {Weaving the {{Web}}. {{The Original Design}} of the {{World Wide Web}}},
  author = {Berners-Lee, Tim},
  date = {2000},
  edition = {1ère Edition},
  publisher = {{HarperCollins}},
  location = {{New York}},
  url = {https://archive.org/details/tim-berners-lee-weaving-the-web-the-original-design-and-ultimate-destiny-of-the-/page/n15/mode/2up?view=theater},
  urldate = {2023-08-10}
}

@misc{berners-leeWebChangeDimension2019,
  title = {Le {{Web}} Change de Dimension},
  editora = {Berners-Lee, Tim},
  editoratype = {collaborator},
  date = {2019-03-12},
  url = {https://www.larecherche.fr/informatique-technologie/tim-berners-lee-%C2%AB-le-web-change-de-dimension-%C2%BB-0},
  urldate = {2023-08-11},
  file = {/home/thomas/Zotero/storage/PIN4FIRK/Berners-Lee - 2019 - Le Web change de dimension.pdf}
}

@misc{bibliothequenationaledefranceIdentifiantARKArchival2018,
  title = {L’identifiant {{ARK}} ({{Archival Resource Key}})},
  editor = {Bibliothèque nationale de France},
  date = {2018},
  url = {https://www.bnf.fr/fr/lidentifiant-ark-archival-resource-key},
  urldate = {2023-08-26},
  file = {/home/thomas/Zotero/storage/NZ2ZEHZQ/Bibliothèque nationale de France - 2018 - L’identifiant ARK (Archival Resource Key).pdf}
}

@misc{bibliothequenationaledefranceProgrammeNationalTransition2023,
  title = {Programme National {{Transition}} Bibliographique},
  editor = {Bibliothèque nationale de France},
  date = {2023},
  url = {https://www.bnf.fr/fr/programme-national-transition-bibliographique#bnf-structuration-des-donn-es-dans-bnf-catalogue-g-n-ral-chantiers-de-transformation-selon-ifla-lrm},
  urldate = {2023-08-23},
  file = {/home/thomas/Zotero/storage/G9BT3DSB/Bibliothèque nationale de France - 2023 - Programme national Transition bibliographique.pdf}
}

@misc{bibliothequenationaledefranceVocabulairesEmployesBibliotheque2023,
  title = {Vocabulaires Employés à La {{Bibliothèque}} Nationale de {{France}}},
  editor = {Bibliothèque nationale de France},
  date = {2023-04-18},
  url = {https://data.bnf.fr/vocabulary},
  urldate = {2023-08-28},
  file = {/home/thomas/Zotero/storage/ER8S9THE/Bibliothèque nationale de France - 2023 - Vocabulaires employés à la Bibliothèque nationale .pdf}
}

@misc{bibliothequenationaledefranceWebSemantiqueModele2023,
  title = {Web Sémantique et Modèle de Données},
  editor = {Bibliothèque nationale de France},
  date = {2023-04-18},
  url = {https://data.bnf.fr/semanticweb},
  urldate = {2023-08-14}
}

@online{bohnkeVousModelisezMonde2019,
  title = {Vous Modélisez En Monde Ouvert Ou En Monde Clos?},
  author = {Bohnké, Sabine},
  date = {2019-04-24},
  url = {https://www.semsimo.com/vous-modelisez-en-monde-ouvert-ou-en-monde-clos/},
  urldate = {2023-08-30},
  organization = {{SEMSIMO}},
  file = {/home/thomas/Zotero/storage/N46X9639/Bohnké - 2019 - Vous modélisez en monde ouvert ou en monde clos.pdf}
}

@book{borgmanQuEstceQue2020,
  title = {Qu'est-Ce Que Le Travail Scientifique Des Données?},
  author = {Borgman, Christine L.},
  date = {2020},
  publisher = {{OpenEdition Press}},
  location = {{Marseille}},
  url = {https://books.openedition.org/oep/14692},
  urldate = {2023-08-12}
}

@article{bourdonQuEstceQu1997,
  title = {Qu'est-Ce Qu'un Format d'autorité ?},
  author = {Bourdon, Françoise},
  date = {1997},
  journaltitle = {Bulletin d'Informations de l'Association des bibliothécaires français},
  number = {174},
  pages = {46--52},
  url = {https://www.enssib.fr/bibliotheque-numerique/documents/45080-qu-est-ce-qu-un-format-d-autorite.pdf},
  urldate = {2023-08-19},
  file = {/home/thomas/Zotero/storage/BKTMFY5M/Bourdon - 1997 - Qu'est-ce qu'un format d'autorité .pdf}
}

@online{cabedaSemanticWebDead2017,
  title = {Semantic {{Web}} Is {{Dead}}, {{Long}} Live the {{AI}}!},
  author = {Cabeda, José},
  date = {2017-05-28},
  url = {https://hackernoon.com/semantic-web-is-dead-long-live-the-ai-2a5ea0cf6423},
  urldate = {2023-08-31},
  organization = {{Hackermoon}},
  file = {/home/thomas/Zotero/storage/HJFVVPD7/Cabeda - 2017 - Semantic Web is Dead, Long live the AI!.pdf}
}

@misc{cagleWhySemanticWeb2016,
  title = {Why the {{Semantic Web Has Failed}}},
  author = {Cagle, Kurt},
  date = {2016-07-03},
  url = {https://www.linkedin.com/pulse/why-semantic-web-has-failed-kurt-cagle/},
  urldate = {2023-08-31},
  file = {/home/thomas/Zotero/storage/I3HDYD3F/Cagle - 2016 - httpswww.linkedin.compulsewhy-semantic-web-ha.pdf}
}

@article{carbonnelArchivesSciencesHumaines2017,
  title = {Archives (Des) Sciences Humaines : Trois Mots Clefs Pour Engager Les Responsabilités},
  author = {Carbonnel, Laure},
  date = {2017},
  journaltitle = {La Gazette des archives},
  number = {246},
  pages = {13--24},
  keywords = {Omeka-S},
  file = {/home/thomas/Zotero/storage/5PWQ5ADA/Carbonnel - 2017 - Archives (des) sciences humaines  trois mots clef.pdf}
}

@book{cardonCultureNumerique2019,
  title = {Culture Numérique},
  author = {Cardon, Dominique},
  date = {2019},
  series = {Les Petites Humanités},
  publisher = {{Presses de Sciences Po}},
  location = {{Paris}}
}

@article{ceruzziAuxOriginesAmericaines2012,
  title = {Aux Origines Américaines de l'{{Internet}} : Projets Militaires, Intérêts Commerciaux, Désirs de Communauté},
  author = {Ceruzzi, Paul E.},
  date = {2012},
  journaltitle = {Le Temps des médias},
  volume = {1},
  number = {18},
  pages = {15--28},
  url = {https://www-cairn-info.proxy.chartes.psl.eu/revue-le-temps-des-medias-2012-1-page-15.htm#no3},
  urldate = {2023-08-15},
  file = {/home/thomas/Zotero/storage/T9HWTK4T/Ceruzzi - Aux origines américaines de l'Internet  projets m.pdf}
}

@misc{CharteInternationaleDonnees2015,
  title = {Charte Internationale Sur Les Données Ouvertes},
  date = {2015},
  url = {https://opendatacharter.net/principles-fr/},
  urldate = {2023-08-27},
  organization = {{Open Data Center}},
  file = {/home/thomas/Zotero/storage/LVG8K4CA/2015 - Charte internationale sur les données ouvertes.pdf}
}

@article{clavaudRepresenterRDFInterconnecter2017,
  title = {Représenter En {{RDF}}, Interconnecter et Visualiser En Graphe Des Jeux de Métadonnées Archivistiques de Provenances Multiples : Un Projet de Prototype},
  author = {Clavaud, Florence and Angjeli, Anila and Roussel, Stéphanie},
  date = {2017},
  journaltitle = {La Gazette des archives},
  number = {245},
  pages = {157--171},
  doi = {10.3406/gazar.2017.5523},
  keywords = {RDF,RIC-O},
  file = {/home/thomas/Zotero/storage/LVRMVLMN/Clavaud et al. - 2017 - Représenter en RDF, interconnecter et visualiser e.pdf}
}

@inproceedings{clavaudRiCAuxArchives2022,
  title = {{{RiC}} Aux {{Archives}} Nationales de {{Frances}}: Enjeux, Réalisation, Perspectives},
  author = {Clavaud, Florence},
  date = {2022-12-08},
  location = {{Campus EPFL-UNIL, Lausanne}},
  url = {https://rec.unil.ch/videos/florence-clavaud-ric-aux-archives-nationales-de-france-enjeux-realisation-perspectives/},
  urldate = {2023-08-08},
  eventtitle = {{{RiC}} - {{Records}} in {{Contexts}}. {{Quels}} Changements et Quelles Perspectives?}
}

@article{clavaudTransformerMetadonneesArchives2019,
  title = {Transformer Les Métadonnées Des {{Archives}} Nationales En Graphe de Données : Enjeux et Premières Réalisations},
  author = {Clavaud, Florence},
  date = {2019},
  journaltitle = {La Gazette des archives},
  number = {254},
  pages = {59--88},
  doi = {https://www.persee.fr/doc/gazar_0016-5522_2019_num_254_2_5857},
  keywords = {RDF,RIC-O},
  file = {/home/thomas/Zotero/storage/CWY5JZAY/Clavaud - 2019 - Transformer les métadonnées des Archives nationale.pdf}
}

@misc{conseilinternationaldesarchivesISADNormeGenerale2000,
  title = {{{ISAD}}({{G}}): {{Norme}} Générale et Internationale de Description Archivistique},
  editor = {Conseil International des Archives},
  date = {2000},
  url = {https://www.ica.org/fr/isadg-norme-generale-et-internationale-de-description-archivistique-deuxieme-edition},
  urldate = {2023-08-23}
}

@misc{conseilinternationaldesarchivesRecordsContextsConceptual2021,
  title = {Records in {{Contexts Conceptual Model}}. {{Consultation Draft}} v0.2},
  editor = {Conseil International des Archives},
  date = {2021-07},
  url = {https://www.ica.org/sites/default/files/ric-cm-02_july2021_0.pdf},
  urldate = {2023-08-18},
  file = {/home/thomas/Zotero/storage/43SXWY53/Conseil International des Archives - 2021 - Records in Contexts Conceptual Model. Consultation.pdf}
}

@book{cotteFondsArchivesSeguin1997,
  title = {Le Fonds d'archives {{Seguin}}. {{Aux}} Origines de La Révolution Industrielle En {{France}}. 1790-1860},
  author = {Cotte, Michel},
  date = {1997},
  publisher = {{Archives Départementales de l'Ardèche}},
  location = {{Privas}},
  isbn = {2-86007-004-8},
  keywords = {archives}
}

@article{decoulonArchivesWikidata2018,
  title = {Archives et {{Wikidata}}},
  author = {De Coulon, Baptiste},
  date = {2018},
  journaltitle = {Arbido, revue professionnelle pour archivistes, bibliothécaires et documentalistes},
  number = {2},
  url = {https://arbido.ch/fr/artikelpdf/download.html?entryId=6981},
  urldate = {2023-08-17},
  file = {/home/thomas/Zotero/storage/NYQPGX4S/De Coulon - 2018 - Archives et Wikidata.pdf}
}

@article{grisetMakePigFly2012,
  title = {« {{Make}} the Pig Fly! »: L’{{Inria}}, Ses Chercheurs et {{Internet}} Des Années 1970 Aux Années 1990},
  author = {Griset, Pascal and Schafer, Valérie},
  date = {2012},
  journaltitle = {Le Temps des médias},
  volume = {1},
  number = {18},
  pages = {41--52},
  url = {https://www.cairn.info/revue-le-temps-des-medias-2012-1-page-41.htm},
  urldate = {2023-08-15},
  file = {/home/thomas/Zotero/storage/7XQ7GUZI/Griset et Schafer - 2012 - « Make the pig fly! » l’Inria, ses chercheurs et .pdf}
}

@article{illienWebSemantiqueNouveau2015,
  title = {Le Web Sémantique, Nouveau Levier de La Valeur Pour Les Services d'information ?},
  author = {Illien, Gildas},
  date = {2015},
  journaltitle = {I2D - Information, données \& documents},
  volume = {52},
  number = {4},
  pages = {59--60},
  url = {https://www-cairn-info.proxy.chartes.psl.eu/revue-i2d-information-donnees-et-documents-2015-4-page-59.htm},
  urldate = {2023-08-14},
  file = {/home/thomas/Zotero/storage/J6URVTCJ/Illien - 2015 - Le web sémantique, nouveau levier de la valeur pou.pdf}
}

@misc{internationalcouncilofmuseumsClassesPropertiesDeclarations2022,
  title = {Classes \& {{Properties Declarations}} of {{CIDOC-CRM}} Version: 7.1.2},
  editor = {International Council of Museums},
  date = {2022-06},
  url = {https://www.cidoc-crm.org/html/cidoc_crm_v7.1.2.html},
  urldate = {2023-08-15}
}

@misc{internationalcouncilofmuseumsDefinitionCIDOCConceptual2022,
  title = {Definition of the {{CIDOC Conceptual Reference Model}}},
  editor = {International Council of Museums},
  date = {2022-06},
  url = {https://cidoc-crm.org/sites/default/files/cidoc_crm_version_7.1.2.pdf},
  urldate = {2023-08-28},
  file = {/home/thomas/Zotero/storage/ICN63D49/International Council of Museums - 2022 - Definition of the CIDOC Conceptual Reference Model.pdf}
}

@incollection{isaacReferentielsTypologieInteroperabilite2012,
  title = {Les Référentiels : Typologie et Interopérabilité},
  booktitle = {Le Document Numérique à l’heure Du Web},
  author = {Isaac, Antoine},
  date = {2012},
  series = {Le Document Numérique à l’heure Du Web},
  publisher = {{ADBS}},
  url = {https://inria.hal.science/hal-00740282},
  urldate = {2023-08-24},
  file = {/home/thomas/Zotero/storage/DG7WN6JB/Isaac - 2012 - Les référentiels  typologie et interopérabilité.pdf}
}

@article{kleinrockEarlyHistoryInternet2010,
  title = {An {{Early History}} of the {{Internet}}},
  author = {Kleinrock, Leonard},
  date = {2010-08},
  journaltitle = {IEEE Communications Magazine},
  pages = {26--36},
  url = {https://www.researchgate.net/publication/262316090},
  urldate = {2023-08-10},
  issue = {août},
  file = {/home/thomas/Zotero/storage/XQFRZNYJ/Kleinrock - 2010 - An Early History of the Internet.pdf}
}

@book{lafontaineArchivesPatrimonialesFamille2022,
  title = {Les Archives Patrimoniales de La Famille {{Seguin}} Au {{Domaine}} de {{Varagnes}}. {{Introductions}} et Inventaires Analytiques},
  author = {Lafontaine, Lisa},
  date = {2022-01},
  publisher = {{L'Association des Amis de la Fondation Seguin}},
  location = {{Annonay}},
  keywords = {archives,inventaire},
  file = {/home/thomas/Zotero/storage/AECQ2W3G/Lafontaine - 2022 - Les archives patrimoniales de la famille Seguin au.pdf}
}

@article{lafontaineFondsArchivesSeguin2022,
  title = {Le Fonds d’archives {{Seguin}} à {{Varagnes}}},
  author = {Lafontaine, Lisa},
  date = {2022-07/2022-09},
  journaltitle = {Archivistes! La Lettre de l'Association des archivistes français},
  number = {141},
  pages = {6--7},
  keywords = {archives},
  file = {/home/thomas/Zotero/storage/XFUXVVFM/Lafontaine - 2022 - Le fonds d’archives Seguin à Varagnes.pdf}
}

@article{lafontaineFondsSeguinVaragnes2022,
  title = {Le Fonds {{Seguin}} de {{Varagnes}}. {{Les}} Archives Privées d'une Dynastie d'industriels Au Service de l'histoire Des Sciences, Des Techniques et de La Vie Locale},
  author = {Lafontaine, Lisa},
  date = {2022-02-15},
  journaltitle = {Mémoire d’Ardèche et Temps Présent},
  number = {153},
  pages = {37--43},
  keywords = {archives},
  file = {/home/thomas/Zotero/storage/S73BQHIC/Lafontaine - 2022 - Le fonds Seguin de Varagnes. Les archives privées .pdf}
}

@article{maillotApercusRechercheInterroger2014,
  title = {Aperçus de Recherche : Interroger Efficacement Un Ensemble de Bases {{RDF}}},
  author = {Maillot, Pierre and Raimbault, Thomas and Genest, David},
  date = {2014},
  journaltitle = {Document numérique},
  volume = {17},
  number = {2},
  pages = {9--32},
  url = {https://www-cairn-info.proxy.chartes.psl.eu/revue-document-numerique-2014-2-page-9.htm},
  urldate = {2023-08-14},
  file = {/home/thomas/Zotero/storage/BPVQZ6R4/Maillot et al. - 2014 - Aperçus de recherche  interroger efficacement un .pdf}
}

@book{mesguichBibliothequesWebEst2017,
  title = {Bibliothèques : Le {{Web}} Est à Vous},
  author = {Mesguich, Véronique},
  date = {2017},
  publisher = {{Éditions du Cercle de la Librairie}},
  location = {{Paris}},
  url = {https://www-cairn-info.proxy.chartes.psl.eu/bibliotheques-le-web-est-a-vous--9782765415213.htm},
  urldate = {2023-08-11}
}

@misc{ministeredelacultureetdelacommunicationIdentifiantsPerennesPour2014,
  title = {Identifiants Pérennes Pour Les Ressources Numériques. {{Vade-mecum}} Pour Les Producteurs de Données},
  editor = {Ministère de la culture et de la communication},
  date = {2014-11-24},
  url = {https://www.culture.gouv.fr/Espace-documentation/Publications-revues/Identifiants-perennes-pour-les-ressources-numeriques},
  urldate = {2023-08-26},
  file = {/home/thomas/Zotero/storage/ALDPZQDZ/Ministère de la culture et de la communication - 2014 - Identifiants pérennes pour les ressources numériqu.pdf}
}

@incollection{mistralMutualiserPratiquesDocumentaires2016,
  title = {Mutualiser Les Pratiques Documentaires {{Bibliothéques}} En Réseau},
  booktitle = {Mutualiser Les Pratiques Documentaires. {{Bibliothéques}} En Réseau},
  author = {Mistral, François},
  date = {2016},
  series = {La {{Boîte}} à Outils},
  publisher = {{Presses de l’enssib}},
  location = {{Villeurbanne}},
  url = {https://books.openedition.org/pressesenssib/6063},
  urldate = {2023-08-18},
  file = {/home/thomas/Zotero/storage/QNPS6S5L/Mistral - 2016 - Mutualiser les pratiques documentaires Bibliothéqu.pdf}
}

@article{mistralTroisFoisMetier2017,
  title = {Trois Fois Sur Le Métier Remettons Les Notions : 3 Questions Aux Experts de l’{{ABES}} – {{François Mistral}}, {{Philippe Le Pape}}, {{Yann Nicolas}}, {{Olivier Rousseaux}} ({{ABES}})},
  author = {Mistral, François and Le Pape, Philippe and Nicolas, Yann and Rousseaux, Olivier},
  date = {2017},
  journaltitle = {Arabesques},
  number = {85},
  pages = {6--7},
  doi = {10.35562/arabesques.208},
  file = {/home/thomas/Zotero/storage/4CMNAVRH/Mistral et al. - 2017 - Trois fois sur le métier remettons les notions  3.pdf}
}

@online{OMEKA2016,
  title = {{{OMEKA S}}},
  date = {2016-11-28},
  url = {https://omeka.fr/omekas#:~:text=Omeka%20S%20est%20une%20nouvelle,S%20a%20%C3%A9t%C3%A9%20compl%C3%A8tement%20r%C3%A9%C3%A9crit.},
  urldate = {2023-08-19},
  organization = {{Association des usagers francophones d'Omeka}}
}

@thesis{otletTraiteDocumentationLivre2021,
  title = {Traité de Documentation. {{Le}} Livre Sur Le Livre. {{Théorie}} et Pratique},
  author = {Otlet, Paul},
  date = {2021},
  institution = {{Éditions des maisons des sciences de l’homme associées}},
  location = {{Paris}},
  url = {https://books.openedition.org/emsha/482},
  urldate = {2023-08-26},
  file = {/home/thomas/Zotero/storage/UCDGIN79/Otlet - 2021 - Traité de documentation. Le livre sur le livre. Th.pdf}
}

@online{poupeauAudelaLimitesQue2018,
  title = {Au-Delà Des Limites, Que Reste-t-Il Concrètement Du {{Web}} Sémantique ?},
  author = {Poupeau, Gautier},
  date = {2018-10-06},
  url = {http://www.lespetitescases.net/au-dela-des-limites-que-reste-t-il-concretement-du-web-semantique},
  urldate = {2023-07-31},
  organization = {{Les Petites Cases}},
  keywords = {RDF,Web sémantique},
  file = {/home/thomas/Zotero/storage/K8VR2A63/Poupeau - 2018 - Au-delà des limites, que reste-t-il concrètement d.pdf}
}

@online{poupeauBilan15Ans2016,
  title = {Bilan de 15 Ans de Réflexion Sur La Gestion Des Données Numériques},
  author = {Poupeau, Gautier},
  date = {2016-10-12},
  url = {http://www.lespetitescases.net/bilan-reflexion-sur-la-gestion-des-donnees-numeriques},
  urldate = {2023-08-20},
  organization = {{Les Petites Cases}},
  file = {/home/thomas/Zotero/storage/HXQCRVXU/Poupeau - 2016 - Bilan de 15 ans de réflexion sur la gestion des do.pdf}
}

@online{poupeauQuelEvenementOu2010,
  title = {Quel Événement !? {{Ou}} Comment Contextualiser Le Triplet},
  author = {Poupeau, Gautier},
  date = {2010-07-29},
  url = {https://www.lespetitescases.net/quel-evenement-ou-comment-contextualiser-le-triplet},
  urldate = {2023-08-17},
  organization = {{Les Petites Cases}},
  file = {/home/thomas/Zotero/storage/N44VWTEY/Poupeau - 2010 - Quel événement ! Ou comment contextualiser le tri.pdf}
}

@online{poupeauReflexionsQuestionsAutour2018,
  title = {Réflexions et Questions Autour Du {{Web}} Sémantique},
  author = {Poupeau, Gautier},
  date = {2018-10-06},
  url = {http://www.lespetitescases.net/reflexions-et-questions-autour-du-web-semantique},
  urldate = {2023-07-31},
  organization = {{Les Petites Cases}},
  file = {/home/thomas/Zotero/storage/2R8BRIQH/Poupeau - 2018 - Réflexions et questions autour du Web sémantique.pdf}
}

@online{poupeauTechnologiesWebSemantique2018,
  title = {Les Technologies Du {{Web}} Sémantique, Entre Théorie et Pratique},
  author = {Poupeau, Gautier},
  date = {2018-10-06},
  url = {http://www.lespetitescases.net/les-technologies-du-web-semantique-entre-theorie-et-pratique},
  urldate = {2023-07-31},
  organization = {{Les Petites Cases}},
  keywords = {RDF,Web sémantique},
  file = {/home/thomas/Zotero/storage/GGCN6AXY/Poupeau - 2018 - Les technos du Web sémantique ont-elles tenu leurs.pdf}
}

@online{poupeauTechnosWebSemantique2018,
  title = {Les Technos Du {{Web}} Sémantique Ont-Elles Tenu Leurs Promesses ?},
  author = {Poupeau, Gautier},
  date = {2018-10-06},
  url = {http://www.lespetitescases.net/les-technos-du-web-semantique-ont-elles-tenu-leurs-promesses},
  urldate = {2023-07-31},
  organization = {{Les Petites Cases}},
  file = {/home/thomas/Zotero/storage/27KUGN52/Poupeau - 2018 - Les technos du Web sémantique ont-elles tenu leurs.pdf}
}

@misc{rivaLRMooHighlevelModel2022,
  title = {{{LRMoo}}, a High-Level Model in an Object-Oriented Framework},
  author = {Riva, Pat and Zumer, Maja and Aalberg, Trond},
  date = {2022-10-25},
  url = {https://repository.ifla.org/bitstream/123456789/2217/1/144-riva-en-paper.pdf},
  urldate = {2023-03-28},
  organization = {{IFLA (WLIC Dublin)}},
  file = {/home/thomas/Zotero/storage/CHC8IFG5/Riva et al. - 2022 - LRMoo, a high-level model in an object-oriented fr.pdf}
}

@article{sireWebSemantiquePolitiques2018,
  title = {Web Sémantique : Les Politiques Du Sens et La Rhétorique Des Données},
  author = {Sire, Guillaume},
  date = {2018},
  journaltitle = {Les Enjeux de l'information et de la communication},
  number = {19/2},
  pages = {147--160},
  url = {https://doi-org.proxy.chartes.psl.eu/10.3917/enic.025.0147},
  urldate = {2023-08-12},
  file = {/home/thomas/Zotero/storage/PSABQDQ4/Sire - 2018 - Web sémantique  les politiques du sens et la rhét.pdf}
}

@book{standageVictorianInternetRemarkable1998,
  title = {The {{Victorian Internet}} : The Remarkable Story of the Telegraph and the Nineteenth Century's Online Pioneers},
  author = {Standage, Tom},
  date = {1998},
  publisher = {{Weidenfeld \& Nicolson}},
  location = {{Londres}}
}

@online{targetWhateverHappenedSemantic,
  title = {Whatever {{Happened}} to the {{Semantic Web}}?},
  author = {Target, Sinclair},
  url = {https://twobithistory.org/2018/05/27/semantic-web.html},
  urldate = {2023-08-31},
  organization = {{Two-Bit History}},
  file = {/home/thomas/Zotero/storage/I9HMWR8J/Target - Whatever Happened to the Semantic Web.pdf}
}

@article{uscholdOntologiesPrinciplesMethods1996,
  title = {Ontologies: {{Principles}}, Methods and Applications},
  author = {Uschold, Michael and Grüninger, Michael},
  date = {1996-06},
  journaltitle = {The Knowledge Engineering Review},
  volume = {11},
  number = {2},
  url = {https://www.researchgate.net/publication/302937543_Ontologies_Principles_methods_and_applications},
  urldate = {2023-08-14},
  file = {/home/thomas/Zotero/storage/PP8PZ7SF/Uschold et Grüninger - 1996 - Ontologies Principles, methods and applications.pdf}
}

@article{uscholdWhereAreSemantics2003,
  title = {Where {{Are}} the {{Semantics}} in the {{Semantic Web}}?},
  author = {Uschold, Michael},
  date = {2003-23},
  journaltitle = {AI Magazine},
  volume = {24},
  number = {3},
  pages = {25--36},
  url = {https://doi.org/10.1609/aimag.v24i3.1716},
  file = {/home/thomas/Zotero/storage/UHECLTES/Uschold - 2003 - Where Are the Semantics in the Semantic Web.pdf}
}

@book{vanhoolandIntroductionAuxHumanites2016,
  title = {Introduction Aux Humanités Numériques : Méthodes et Pratiques},
  author = {Van Hooland, Seth and Gillet, Florence and Hengchen, Simon and De Wilde, Max},
  date = {2016},
  series = {Méthodes En Sciences Humaines},
  publisher = {{De Boeck Supérieur}},
  url = {https://www-cairn-info.proxy.chartes.psl.eu/introduction-aux-humanites-numeriques-methodes--9782807302150.htm},
  urldate = {2023-08-12}
}

@misc{worldwidewebconsortiumLibraryLinkedData2011,
  title = {Library {{Linked Data Incubator Group Final Report}}},
  editor = {World Wide Web Consortium},
  date = {2011-10-25},
  url = {https://www.w3.org/2005/Incubator/lld/},
  urldate = {2023-08-26}
}

@misc{worldwidewebconsortiumRDFNTriplesLinebased2014,
  title = {{{RDF}} 1.1 {{N-Triples}}. {{A}} Line-Based Syntax for an {{RDF}} Graph},
  editor = {World Wide Web Consortium},
  date = {2014-02-25},
  url = {https://www.w3.org/TR/n-triples/},
  urldate = {2023-08-12},
  file = {/home/thomas/Zotero/storage/VDRWCRFT/World Wide Web Consortium - 2014 - RDF 1.1 N-Triples. A line-based syntax for an RDF .pdf}
}

@misc{worldwidewebconsortiumRDFSchema2023,
  title = {{{RDF}} 1.2 {{Schema}}},
  editor = {World Wide Web Consortium},
  date = {2023-06-15},
  url = {https://www.w3.org/TR/rdf12-schema/},
  urldate = {2023-08-14}
}

@misc{worldwidewebconsortiumRDFSemanticsReification2004,
  title = {{{RDF Semantics}}. {{Reification}}},
  editor = {World Wide Web Consortium},
  date = {2004-02-10},
  url = {https://www.w3.org/TR/rdf-mt/#Reif},
  urldate = {2023-08-24},
  file = {/home/thomas/Zotero/storage/89TBS46C/World Wide Web Consortium - 2004 - RDF Semantics. Reification.pdf}
}

@misc{worldwidewebconsortiumRDFTurtleTerse2014,
  title = {{{RDF}} 1.1 {{Turtle}}. {{Terse RDF Triple Language}}},
  editor = {World Wide Web Consortium},
  date = {2014-02-25},
  url = {https://www.w3.org/TR/turtle/},
  urldate = {2023-08-12},
  file = {/home/thomas/Zotero/storage/ALSJVS37/World Wide Web Consortium - 2014 - RDF 1.1 Turtle. Terse RDF Triple Language.pdf}
}

@misc{worldwidewebconsortiumSKOSSimpleKnowledge2012,
  title = {{{SKOS Simple Knowledge Organization System}}},
  editor = {World Wide Web Consortium},
  date = {2012-12-13},
  url = {https://www.w3.org/2004/02/skos/},
  urldate = {2023-08-14}
}

@misc{worldwidewebconsortiumSPARQLQueryLanguage2013,
  title = {{{SPARQL}} 1.1 {{Query Language}}},
  editor = {World Wide Web Consortium},
  date = {2013-03-21},
  url = {https://www.w3.org/TR/sparql11-query/},
  urldate = {2023-08-26},
  file = {/home/thomas/Zotero/storage/RJ57D2XA/World Wide Web Consortium - 2013 - SPARQL 1.1 Query Language.pdf}
}

@misc{worldwidewebconsortiumWebOntologyLanguage2012,
  title = {Web {{Ontology Language}} ({{OWL}})},
  editor = {World Wide Web Consortium},
  date = {2012-12-11},
  url = {https://www.w3.org/2001/sw/wiki/OWL},
  urldate = {2023-08-14}
}
